<?xml version="1.0" encoding="UTF-8" ?>
<collection xmlns:xsi="http://www.w3.org/2001/XMLSchema-instance"
    xsi:schemaLocation="http://www.loc.gov/MARC21/slim
        http://www.loc.gov/standards/marcxml/schema/MARC21slim.xsd"
    xmlns="http://www.loc.gov/MARC21/slim">
<record>
  <leader>00247cam a2200469 ia4500</leader>
  <controlfield tag="001">b12372043</controlfield>
  <controlfield tag="003">LeBAU</controlfield>
  <controlfield tag="005">20180315</controlfield>
  <controlfield tag="008">970228s1955    ua            ||0 0 ara d</controlfield>
  <datafield tag="035" ind1=" " ind2=" ">
    <subfield code="a">ocn784284993</subfield>
  </datafield>
  <datafield tag="040" ind1=" " ind2=" ">
    <subfield code="a">LEAUB</subfield>
    <subfield code="b">ara</subfield>
    <subfield code="e">rda</subfield>
    <subfield code="c">LEAUB</subfield>
    <subfield code="d">LEAUB</subfield>
  </datafield>
  <datafield tag="082" ind1="0" ind2="4">
    <subfield code="a">297.207</subfield>
    <subfield code="2">20</subfield>
  </datafield>
  <datafield tag="100" ind1="1" ind2=" ">
    <subfield code="6">880-01</subfield>
    <subfield code="a">Khāzin al-Baghdādī, ʻAlī ibn Muḥammad,</subfield>
    <subfield code="d">1279 or 1280-1341,</subfield>
    <subfield code="e">author.</subfield>
  </datafield>
  <datafield tag="245" ind1="1" ind2="0">
    <subfield code="6">880-02</subfield>
    <subfield code="a">Tafsīr al-Khāzin :</subfield>
    <subfield code="b">al-musammá Lubāb al-Taʼwīl fī Maʻānī al-Tanzīl /</subfield>
    <subfield code="c">li-ʻAlāʼ al-Dīn ʻAlī ibn Muḥammad ibn Ibrāhīm al-Baghdādī al-shahīr bi-al-Khāzin al-mutawaffá sanat 725 H. wa-bi-Hāmishihi Tafsīr al-Baghawī al-maʻrūf bi-Maʻālim al-Tanzīl / li-Abī Muḥmmad al-Ḥusayn ibn Masʻūd al-Farrāʼ al-Baghawī al-mutawaffá sanat 516 H.</subfield>
  </datafield>
  <datafield tag="246" ind1="3" ind2="0">
    <subfield code="6">880-03</subfield>
    <subfield code="a">Lubāb al-taʼwīl fī maʻānī al-tanzīl</subfield>
  </datafield>
  <datafield tag="246" ind1="3" ind2="0">
    <subfield code="6">880-04</subfield>
    <subfield code="a">Tafsīr al-Baghawi</subfield>
  </datafield>
  <datafield tag="250" ind1=" " ind2=" ">
    <subfield code="6">880-05</subfield>
    <subfield code="a">al-Ṭabʻah al-thānīyah.</subfield>
  </datafield>
  <datafield tag="264" ind1=" " ind2="1">
    <subfield code="6">880-06</subfield>
    <subfield code="a">Miṣr :</subfield>
    <subfield code="b">Sharikat Maktabat wa-Maṭbaʻat Muṣṭafá al-Bābī al-Ḥalabī wa-Awlāduh,</subfield>
    <subfield code="c">1375 H. = 1955 M.</subfield>
  </datafield>
  <datafield tag="300" ind1=" " ind2=" ">
    <subfield code="6">880-07</subfield>
    <subfield code="a">4 volumes ;</subfield>
    <subfield code="c">28 cm</subfield>
  </datafield>
  <datafield tag="336" ind1=" " ind2=" ">
    <subfield code="a">text</subfield>
    <subfield code="b">txt</subfield>
    <subfield code="2">rdacontent</subfield>
  </datafield>
  <datafield tag="337" ind1=" " ind2=" ">
    <subfield code="a">unmediated</subfield>
    <subfield code="b">n</subfield>
    <subfield code="2">rdamedia</subfield>
  </datafield>
  <datafield tag="338" ind1=" " ind2=" ">
    <subfield code="a">volume</subfield>
    <subfield code="b">nc</subfield>
    <subfield code="2">rdacarrier</subfield>
  </datafield>
  <datafield tag="500" ind1=" " ind2=" ">
    <subfield code="a">7 أجزاء ببليوغرافية في 4 أجزاء مادية.</subfield>
  </datafield>
  <datafield tag="630" ind1="0" ind2="4">
    <subfield code="a">قرآن</subfield>
    <subfield code="x">تفسير وتأويل</subfield>
    <subfield code="v">اعمال قديمة حتى 1800.</subfield>
  </datafield>
  <datafield tag="630" ind1="0" ind2="0">
    <subfield code="a">Qur'an</subfield>
    <subfield code="x">Hermeneutics</subfield>
    <subfield code="v">Early works to 1800.</subfield>
  </datafield>
  <datafield tag="700" ind1="1" ind2="2">
    <subfield code="6">880-08</subfield>
    <subfield code="a">Baghawī, al-Ḥusayn ibn Masʻūd,</subfield>
    <subfield code="d">-1117?</subfield>
    <subfield code="t">Maʻālim al-tanzīl.</subfield>
  </datafield>
  <datafield tag="852" ind1=" " ind2=" ">
    <subfield code="a">Jafet Library</subfield>
    <subfield code="e">American University of Beirut, Bliss Street , Beirut, Lebanon.</subfield>
  </datafield>
  <datafield tag="880" ind1="1" ind2=" ">
    <subfield code="6">100-01/(3/r</subfield>
    <subfield code="a">الخازن البغدادي، علي بن محمد،</subfield>
    <subfield code="d">1279 او 1280-1341</subfield>
    <subfield code="e">مؤلف. </subfield>
    <subfield code="4">aut.</subfield>
  </datafield>
  <datafield tag="880" ind1="1" ind2="0">
    <subfield code="6">245-02/(3/r</subfield>
    <subfield code="a">تفسير الخازن :</subfield>
    <subfield code="b">المسمى لباب التأويل في معاني التنزيل /</subfield>
    <subfield code="c">لعلاء الدين علي بن محمد بن إبراهيم البغدادي الشهير بالخازن المتوفى سنة 725 هـ. وبهامشه تفسير البغوي المعروف بمعالم التنزيل/ لأبي محمد الحسين بن مسعود الفراء البغوي المتوفى سنة 516 هـ.</subfield>
  </datafield>
  <datafield tag="880" ind1="3" ind2="0">
    <subfield code="6">246-03/(3/r</subfield>
    <subfield code="a">لباب التأويل في معاني التنزيل</subfield>
  </datafield>
  <datafield tag="880" ind1="3" ind2="0">
    <subfield code="6">246-04/(3/r</subfield>
    <subfield code="a">تفسير البغوي.</subfield>
  </datafield>
  <datafield tag="880" ind1=" " ind2=" ">
    <subfield code="6">250-05/(3/r</subfield>
    <subfield code="a">الطبعة الثانية.</subfield>
  </datafield>
  <datafield tag="880" ind1=" " ind2="1">
    <subfield code="6">264-06/(3/r</subfield>
    <subfield code="a">مصر :</subfield>
    <subfield code="b">شركة مكتبة ومطبعة مصطفى البابي الحلبي وأولاده،</subfield>
    <subfield code="c">1375 هـ. = 1955 م.</subfield>
  </datafield>
  <datafield tag="880" ind1=" " ind2=" ">
    <subfield code="6">300-07/(3/r</subfield>
    <subfield code="a">4 أجزاء ؛</subfield>
    <subfield code="c">28 سم</subfield>
  </datafield>
  <datafield tag="880" ind1="1" ind2="2">
    <subfield code="6">700-08/(3/r</subfield>
    <subfield code="a">البغوي، الحسين بن مسعود،</subfield>
    <subfield code="d">-1117؟</subfield>
    <subfield code="t">معالم التنزيل.</subfield>
  </datafield>
  <datafield tag="907" ind1=" " ind2=" ">
    <subfield code="a">.b12372043</subfield>
    <subfield code="b">18-03-20</subfield>
    <subfield code="c">11-05-24</subfield>
  </datafield>
  <datafield tag="907" ind1=" " ind2=" ">
    <subfield code="a">.b12372043</subfield>
    <subfield code="b">15-10-15</subfield>
    <subfield code="c">11-05-24</subfield>
  </datafield>
  <datafield tag="945" ind1=" " ind2=" ">
    <subfield code="f">J</subfield>
    <subfield code="a">297.207:I139L2A:v.1:c.1</subfield>
    <subfield code="g">1</subfield>
    <subfield code="i">01009921</subfield>
    <subfield code="j">.i12824203</subfield>
    <subfield code="l">u0503</subfield>
  </datafield>
  <datafield tag="945" ind1=" " ind2=" ">
    <subfield code="f">J</subfield>
    <subfield code="a">297.207:I139L2A:v.2-3:c.1</subfield>
    <subfield code="g">1</subfield>
    <subfield code="i">01009922</subfield>
    <subfield code="j">.i12824215</subfield>
    <subfield code="l">u0503</subfield>
  </datafield>
  <datafield tag="945" ind1=" " ind2=" ">
    <subfield code="f">J</subfield>
    <subfield code="a">297.207:I139L2A:v.4-5:c.1</subfield>
    <subfield code="g">1</subfield>
    <subfield code="i">01009923</subfield>
    <subfield code="j">.i12824227</subfield>
    <subfield code="l">u0503</subfield>
  </datafield>
  <datafield tag="945" ind1=" " ind2=" ">
    <subfield code="f">J</subfield>
    <subfield code="a">297.207:I139L2A:v.6-7:c.1</subfield>
    <subfield code="g">1</subfield>
    <subfield code="i">01009924</subfield>
    <subfield code="j">.i12824239</subfield>
    <subfield code="l">u0503</subfield>
  </datafield>
  <datafield tag="998" ind1=" " ind2=" ">
    <subfield code="a">u05</subfield>
    <subfield code="b">97-02-28</subfield>
    <subfield code="c">m</subfield>
    <subfield code="d">a</subfield>
    <subfield code="e">-</subfield>
    <subfield code="f">ara</subfield>
    <subfield code="g">ua </subfield>
    <subfield code="h">0</subfield>
    <subfield code="i">4</subfield>
  </datafield>
</record>
</collection>
